<record><leader>00000cas a2200000 i 4500</leader><controlfield tag="001">953081539</controlfield><controlfield tag="006">m     o  d        </controlfield><controlfield tag="007">cr |||||||||||</controlfield><controlfield tag="008">160706c18949999tnuwr neo     0   a0eng  </controlfield><datafield ind1=" " ind2=" " tag="010"><subfield code="a">  2016271131</subfield></datafield><datafield ind1=" " ind2=" " tag="040"><subfield code="a">DLC</subfield><subfield code="b">eng</subfield><subfield code="e">rda</subfield><subfield code="c">DLC</subfield><subfield code="d">DLC</subfield></datafield><datafield ind1="0" ind2=" " tag="022"><subfield code="a">2473-3121</subfield><subfield code="2">1</subfield></datafield><datafield ind1=" " ind2=" " tag="042"><subfield code="a">pcc</subfield><subfield code="a">nsdp</subfield></datafield><datafield ind1=" " ind2=" " tag="043"><subfield code="a">n-us-tn</subfield></datafield><datafield ind1="1" ind2="0" tag="050"><subfield code="a">ISSN RECORD</subfield></datafield><datafield ind1="1" ind2="0" tag="082"><subfield code="a">71</subfield><subfield code="2">23</subfield></datafield><datafield ind1="0" ind2=" " tag="130"><subfield code="a">Knoxville independent (Knoxville, Tenn. : Weekly)</subfield></datafield><datafield ind1=" " ind2="4" tag="222"><subfield code="a">The Knoxville independent</subfield><subfield code="b">(Knoxville, Tenn. Weekly. Online)</subfield></datafield><datafield ind1="1" ind2="4" tag="245"><subfield code="a">The Knoxville independent.</subfield></datafield><datafield ind1=" " ind2="1" tag="264"><subfield code="a">Knoxville, Tennessee :</subfield><subfield code="b">George W. Ford</subfield></datafield><datafield ind1=" " ind2=" " tag="300"><subfield code="a">1 online resource</subfield></datafield><datafield ind1=" " ind2=" " tag="310"><subfield code="a">Weekly</subfield></datafield><datafield ind1=" " ind2=" " tag="336"><subfield code="a">text</subfield><subfield code="b">txt</subfield><subfield code="2">rdacontent</subfield></datafield><datafield ind1=" " ind2=" " tag="337"><subfield code="a">computer</subfield><subfield code="b">c</subfield><subfield code="2">rdamedia</subfield></datafield><datafield ind1=" " ind2=" " tag="338"><subfield code="a">online resource</subfield><subfield code="b">cr</subfield><subfield code="2">rdacarrier</subfield></datafield><datafield ind1="1" ind2=" " tag="362"><subfield code="a">Began November 18, 1894.</subfield></datafield><datafield ind1=" " ind2=" " tag="588"><subfield code="a">Description based on: Vol. XVIII, no. 40 (July 27, 1912); title from masthead (Chroniclingamerica.loc.gov, viewed July 6, 2016).</subfield></datafield><datafield ind1=" " ind2=" " tag="588"><subfield code="a">Latest issue consulted: Vol. XXV, no. 51 (Oct. 4, 1919) (Chroniclingamerica.loc.gov, viewed July 6, 2016).</subfield></datafield><datafield ind1=" " ind2="0" tag="651"><subfield code="a">Knoxville (Tenn.)</subfield><subfield code="v">Newspapers.</subfield></datafield><datafield ind1=" " ind2="0" tag="651"><subfield code="a">Knox County (Tenn.)</subfield><subfield code="v">Newspapers.</subfield></datafield><datafield ind1=" " ind2="7" tag="651"><subfield code="a">Tennessee</subfield><subfield code="z">Knox County.</subfield><subfield code="2">fast</subfield><subfield code="0">(OCoLC)fst01215247</subfield></datafield><datafield ind1=" " ind2="7" tag="651"><subfield code="a">Tennessee</subfield><subfield code="z">Knoxville.</subfield><subfield code="2">fast</subfield><subfield code="0">(OCoLC)fst01206442</subfield></datafield><datafield ind1=" " ind2="7" tag="655"><subfield code="a">Newspapers.</subfield><subfield code="2">fast</subfield><subfield code="0">(OCoLC)fst01423814</subfield></datafield><datafield ind1=" " ind2=" " tag="752"><subfield code="a">United States</subfield><subfield code="b">Tennessee</subfield><subfield code="c">Knox</subfield><subfield code="d">Knoxville.</subfield></datafield><datafield ind1="0" ind2=" " tag="775"><subfield code="t">Knoxville independent (Knoxville, Tenn. : Daily)</subfield></datafield><datafield ind1="0" ind2="8" tag="776"><subfield code="i">Originally issued in print:</subfield><subfield code="t">Knoxville independent (Knoxville, Tenn. : Weekly)</subfield><subfield code="x">2473-3113</subfield><subfield code="w">(DLC)sn 85042907</subfield><subfield code="w">(OCoLC)12960996</subfield></datafield><datafield ind1="4" ind2="0" tag="856"><subfield code="u">http://www.loc.gov/chroniclingamerica/lccn/sn85042907/issues</subfield></datafield></record>